%% This BibTeX bibliography file was created using BibDesk.
%% http://bibdesk.sourceforge.net/


%% Created for Mak at 2011-07-01 23:12:31 +0200 


%% Saved with string encoding Unicode (UTF-8) 


@electronic{mm2009,
	Author = {Mustermann, Max},
	Date-Added = {2010-03-21 22:17:12 +0100},
	Date-Modified = {2011-07-01 23:11:24 +0200},
	Language = {de},
	Month = {11},
	Timestamp = {2009.12.29},
	Title = {Ein Beispielbuch},
	Url = {http://www.example.com},
	Year = {2009},
	Bdsk-Url-1 = {http://www.example.com}}

@electronic{mf2005,
	Author = {Musterfrau, Maxi},
	Date-Modified = {2011-07-01 23:12:20 +0200},
	Language = {en},
	Month = {08},
	Timestamp = {2009.12.29},
	Title = {Ein weiteres Beispielbuch},
	Url = {http://www.example.com},
	Year = {2005},
	Bdsk-Url-1 = {http://www.example.com}}


@book{win08,
	Author = {Winkler, Peter},
	Language = {de},
	Title = {Computer Lexikon 2009, Die ganze digitale Welt zum Nachschlagen},
	Year = {2008},
	Edition ={Vollständig überarbeitete Neuauflage},
	Publisher = {Markt + Technik Verlag},
	Address ={München}
}

@book{oracleDB,
	Author = {Oracle},
	Title = {Was ist eine relationale Datenbank?},
	URL ={https://www.oracle.com/de/database/what-is-a-relational-database/},
	Publisher = {Markt + Technik Verlag},
	note = {Eingesehen am 30.06.2021},
}


@electronic{Lub17,
	Author = {Luber, Stefan},
	Language = {de},
	Month = {03},
	Title = {Was ist SQL?},
	Url = {https://www.dev-insider.de/was-ist-sql-a-586264/},
	Year = {2017},
}

@online{w3SQL,
	Author = {W3Schools SQL},
	Language = {en},
	Title = {SQL Tutorial},
	Url = {https://www.w3schools.com/sql/default.asp},
	Year = {2021},
	note = {Eingesehen am 30.06.2021},
}

@online{horn,
	Author = {Horn, Torsten},
	Language = {de},
	Title = {SQL-Grundlagen},
	Url = {https://www.torsten-horn.de/techdocs/sql.htm},
	Year = {2007},
	note = {Eingesehen am 01.07.2021},
}


@online{datenbankenVerstehen,
	ALTauthor = {Begerow, Markus},
	title = {SQL Einführung – Was ist SQL ?},
	date = {01.07.2021},
	url = {https://www.datenbanken-verstehen.de/sql-tutorial/sql-einfuehrung/#google_vignette},
	note = {Eingesehen am 01.07.2021},
}

@online{bitfarm,
	ALTauthor = {bitfarm Informationssysteme GmbH},
	title = {SQL, MySQL und MS-SQL},
	date = {01.07.2021},
	url = {https://www.bitfarm-archiv.de/dokumentenmanagement/glossar/sql-mysql.html},
	note = {Eingesehen am 01.07.2021},
}

@online{t3rationaleDatenbank,
	ALTauthor = {Kösterke, Jessy},
	title = {Was sind eigentlich relationale Datenbanken?},
	date = {18.08.2017},
	url = {https://t3n.de/news/eigentlich-relationale-datenbanken-683688/},
	Year = {2017},
	Publisher = {t3n},
	note = {Eingesehen am 02.07.2021},
}

@online{relaDatenbank,
	ALTauthor = {Luber, Stefan},
	title = {Was ist eine relationale Datenbank?},
	date = {13.0.2017},
	url = {https://www.bigdata-insider.de/was-ist-eine-relationale-datenbank-a-643028/},
	Year = {2017},
	Publisher = {https://www.bigdata-insider.de/was-ist-eine-relationale-datenbank-a-643028/},
	note = {Eingesehen am 02.07.2021},
}


@online{clientServerModel,
	ALTauthor = {Luber, Stefan},
	title = {Was ist das Client-Server-Modell?},
	date = {19.06.2020},
	url = {https://www.ip-insider.de/was-ist-das-client-server-modell-a-940627/},
	Year = {2020},
	Publisher = {Vogel Communications Group},
	note = {Eingesehen am 05.07.2021},
}

@book{abt10,
	Author = {Abts, Dietmar},
	Language = {de},
	Title = {Masterkurs Client/Server-Programmierung mit Java},
	Year = {2010},
	Edition ={3., erwewiterte Auflage},
	Publisher = {Vieweg +TeubnerVerlag I Springer Fachmedien Wiesbaden GmbH},
	Address ={Wiesbaden}
}

@online{RESTAPI,
	ALTauthor = {Geißler, Otto},
	title = {Was ist REST-API?},
	date = {25.05.2018},
	url = {https://www.datacenter-insider.de/was-ist-rest-api-a-714434/},
	Year = {2018},
	Publisher = {Vogel Communications Group},
	note = {Eingesehen am 06.07.2021},
}

@online{RESTAPI2,
	ALTauthor = {Srocke, Dirk; Florian,Karlstetter},
	title = {Was ist REST-API?},
	date = {09.06.2017},
	url = {https://www.cloudcomputing-insider.de/was-ist-eine-rest-api-a-611116/},
	Year = {2017},
	Publisher = {Vogel Communications Group},
	note = {Eingesehen am 06.07.2021},
}

@online{RESTAPI3,
	title = {REST-API: Definition, Funktionen und Bedingungen},
	url = {https://www.talend.com/de/resources/was-ist-rest-api/},
	Publisher = {Talend Germany GmbH},
	note = {Eingesehen am 06.07.2021},
}

@online{SOAP,
	title = {Web Services mit
	SOAP (Simple Object Access Protocol),
	WSDL (Web Services Description Language) und
	UDDI (Universal Description, Discovery, and Integration)},
	ALTauthor = {Horn, Torsten},
	url = {https://www.torsten-horn.de/techdocs/soap.htm},
	note = {Eingesehen am 07.07.2021},
}

@online{Framework1,
	title = {Definition Framework},
	url = {https://www.datacenter-insider.de/was-ist-rest-api-a-714434/},
	Publisher = {SoftSelect GmbH},
	note = {Eingesehen am 07.07.2021},
}

@online{Framework2,
	ALTauthor = {Srocke, Dirk;Florian,Karlstetter},
	title = {Was ist ein Framework?},
	url = {https://www.bsh-ag.de/it-wissensdatenbank/framework/},
	Publisher = {Business Systemhaus AG},
	note = {Eingesehen am 07.07.2021},
}

@online{AngularReactVergleich,
	ALTauthor = {Frederik , Ventzke},
	title = {Angular vs. React - Ein ausführlicher Vergleich. Welche Bibliothek passt zu Ihrem Projekt?},
	date = {05.06.2018},
	url = {https://www.ventzke-media.de/blog/angular-vs-react-vergleich.html},
	Year = {2018},
	note = {Eingesehen am 08.07.2021},
}

@online{AngularReactVergleich2,
	ALTauthor = {Thattil, Sascha},
	title = {React vs Angular: was ist besser?},
	date = {15.05.2020},
	url = {https://www.yuhiro.de/react-vs-angular-was-ist-besser/},
	Year = {2020},
	Publisher = {YUHIRO Entwicklungszentrum},
	note = {Eingesehen am 08.07.2021},
}

@online{AngularReactVergleich3,
	ALTauthor = {Tillmann, Janna},
	title = {React vs. Angular – wann ist was besser?},
	date = {12.08.2017},
	url = {https://t3n.de/news/react-vs-angular-besser-845241/},
	Year = {2017},
	Publisher = {t3n},
	note = {Eingesehen am 08.07.2021},
}

@online{AngularReactVergleich4,
	title = {SPA Frameworks - ein Vergleich zwischen Angular, React und Vue},
	date = {08.01.2021},
	url = {https://www.snipclip.com/blog/spa-frameworks-ein-vergleich-zwischen-angular-react-und-vue/},
	Year = {2021},
	Publisher = {SnipClip GmbH},
	note = {Eingesehen am 08.07.2021},
}

@online{AngularReactVergleich5,
	ALTauthor = {Conrad, Sebastian },
	title = {Webentwicklung mit dem JavaScript-Framework Angular von Google},
	url = {https://bmu-verlag.de/webentwicklung-mit-dem-javascript-framework-angular-von-google/},
	Publisher = {BMU Verlag},
	note = {Eingesehen am 08.07.2021},
}

@online{AngularReactVergleich6,
	ALTauthor = {Eichenberger, Simon},
	title = {Webapps mit Angular entwickeln},
	date = {13.06.2020},
	url = {https://zeix.com/durchdacht/2019/11/12/webapps-mit-angular-entwickeln/},
	Year = {2020},
	Publisher = {zeix Agentur für User-Centered Design},
	note = {Eingesehen am 08.07.2021},
}

@online{AngularReactVergleich7,
	ALTauthor = {Tappert, Isaak},
	title = {Angular vs. React vs. Vue.js – JavaScript Frontend Frameworks im Vergleich},
	date = {01.01.2020},
	url = {https://tappert-it.de/2020/01/01/angular-react-vue-javascript-frontend-frameworks-vergleich/},
	Year = {2020},
	Publisher = {Tappert IT},
	note = {Eingesehen am 08.07.2021},
}

@online{AngularReactVergleich8,
	ALTauthor = {Motroc, Gabriela },
	title = {Der neue Stern am JavaScript-Himmel: Vue.js gewinnt den Beliebtheitswettbewerb},
	date = {17.01.2018},
	url = {https://entwickler.de/online/javascript/javascript-vue-579827096.html},
	Year = {2018},
	Publisher = {entwickler.de},
	note = {Eingesehen am 10.07.2021},
}

@online{AngularReactVergleich9,
	ALTauthor = {Tillmann, Janna},
	title = {Was ist eigentlich Vue.js?},
	date = {01.08.2018},
	url = {https://t3n.de/news/vuejs-1097879/},
	Year = {2018},
	Publisher = {t3n},
	note = {Eingesehen am 10.07.2021},
}

@online{AngularReactVergleich10,
	ALTauthor = {Vogel, Oliver},
	title = {Warum wir auf Vue.js setzen},
	date = {29.05.2019},
	url = {https://www.wigital.de/blog/warum-vue-als-javascript-framework.html},
	Year = {2019},
	Publisher = {wigital},
	note = {Eingesehen am 10.07.2021},
}

@online{AngularReactVergleich11,
	ALTauthor = {Konstantinidis, Antony},
	title = {Welche Vorteile bietet Vue.js 3 für Entwickler?},
	date = {16.10.2020},
	url = {https://vuejs.de/artikel/vuejs-developer-benefits/},
	Year = {2020},
	Publisher = {Symetics GmbH},
	note = {Eingesehen am 10.07.2021},
}

@online{AngularReactVergleich12,
	ALTauthor = {HOSTTEST-Redaktion},
	title = {Welche Vorteile bietet Vue.js 3 für Entwickler?},
	date = {09.04.2021},
	url = {https://www.hosttest.de/artikel/angular-vs-react-vs-vue-js-was-ist-das-beste-framework},
	Year = {2021},
	Publisher = {Hosttest},
	note = {Eingesehen am 10.07.2021},
}

@online{Single-Page-Webanwendung,
	ALTauthor = { Domin, Andreas},
	title = {Was ist eigentlich eine Single-Page-Webanwendung?},
	date = {25.04.2018},
	url = {https://t3n.de/news/single-page-webanwendung-1023623/},
	Year = {2018},
	Publisher = {t3n},
	note = {Eingesehen am 10.07.2021},
}

@online{Spring1,
	title = {Spring – das Framework für komplexe Java-Applikationen},
	date = {03.06.19},
	url = {https://www.ionos.de/digitalguide/websites/web-entwicklung/spring-framework-das-steckt-in-dem-java-grundgeruest/},
	Year = {2019},
	Publisher = {ionos},
	note = {Eingesehen am 10.07.2021},
}

@online{Spring2,
	ALTauthor = {chrissikraus},
	title = {Was ist das Spring Framework?},
	date = {07.06.2019},
	url = {https://www.dev-insider.de/was-ist-das-spring-framework-a-829846/},
	Year = {2019},
	Publisher = {Dev Insider},
	note = {Eingesehen am 10.07.2021},
}

@online{Spring3,
	ALTauthor = {Simons, Michael},
	title = {Spring Boot: Vom Hype zur etablierten Basistechnologie?},
	date = {14.12.2018},
	url = {https://m.heise.de/developer/artikel/Spring-Boot-Vom-Hype-zur-etablierten-Basistechnologie-4247771.html?seite=all},
	Year = {2018},
	Publisher = {heise},
	note = {Eingesehen am 10.07.2021},
}

@online{Umfrage,
	ALTauthor = {Bundesministerium für Ernährung und Landwirtschaft},
	title = {Aktuelle Umfrage bestätigt Ernährungspolitik},
	date = {19.06.2021},
	url = {https://www.bmel.de/SharedDocs/Pressemitteilungen/DE/2021/089-ernaehrungsreport.html},
	Year = {2021},
	Publisher = {Bundesministerium für Ernährung und Landwirtschaft},
	note = {Eingesehen am 11.07.2021},
}

@online{Regional,
	ALTauthor = {Frühschütz, Leo},
	title = {Direktvermarktung :Der Einkauf beim Bauern liegt im Trend},
	date = {24.08.2020},
	url = {https://www.bzfe.de/nachhaltiger-konsum/einkaufsorte-finden/direktvermarktung/},
	Year = {2020},
	Publisher = {Bundesministerium für Ernährung und Landwirtschaft},
	note = {Eingesehen am 11.07.2021},
}

@online{Selbstbedienung ,
	title = {Selbstbedienung (SB)},
	url = {http://www.wirtschaftslexikon24.com/e/selbstbedienung-sb/selbstbedienung-sb.htm},
	Publisher = {Wirtschaftslexikon 24},
	note = {Eingesehen am 11.07.2021},
}

@online{Kartoffelkiste,
	ALTauthor = {Christian , Reusch},
	title = {HALLO, ICH BIN DIE KARTOFFELKISTE!},
	date = {25.09.2014},
	url = {https://www.potatis-hof.de/s/selbstbedienungsstand/},
	Year = {2014},
	Publisher = {Potatis Hof},
	note = {Eingesehen am 11.07.2021},
}

@online{Bundesministerium,
	ALTauthor = {Bundesministerium der Finanzen},
	title = {Neufassung des § 146 Abs. 1 AO durch das Gesetz zum Schutz vor Manipulationen an digitalen Grundaufzeichnungen vom 22. Dezember 2016;	Anwendungserlass zu § 146 AO
},
	date = {19.06.2018},
	url = {https://www.bundesfinanzministerium.de/Content/DE/Downloads/BMF_Schreiben/Weitere_Steuerthemen/Abgabenordnung/AO-Anwendungserlass/2018-06-19-aenderung-anwendungserlass-abgabenordnung-Einzelaufzeichnungspflicht.pdf?__blob=publicationFile&v=2},
	Year = {2018},
	Publisher = {Bundesministerium der Finanzen},
	note = {Eingesehen am 11.07.2021},
}

@online{gesetze1,
	ALTauthor = {Landratsamt Ansbach},
	title = {Merkblatt Direktvermarktung landwirtschaftlicher Erzeugnisse},
	date = {18.08.2017},
	url = {https://www.landkreis-ansbach.de/media/custom/2238_2539_1.PDF?1468233256},
	Year = {2017},
	Publisher = {Potatis Hof},
	note = {Eingesehen am 12.07.2021},
}

@online{gesetze2,
	ALTauthor = {Landwirtschaftskammer Rheinland-Pfalz},
	title = {Infoservice Direktvermarktung/Einkommensalternativen, Rechtsbestimmungen in der Direktvermarktung},
	date = {Januar 2015},
	url = {https://www.lwk-rlp.de/fileadmin/lwk-rlp.de/Beratung/EA/PDF/DV/DV_01.1_Recht_Uebersicht.pdf},
	Year = {2015},
	Publisher = {Landwirtschaftskammer Rheinland-Pfalz},
	note = {Eingesehen am 12.07.2021},
}

@book{gesetze3,
	Language = {de},
	Title = {Die neuen Steuer-Regeln für Direktvermarkter},
	Year = {2010},
	Edition ={Ausgabe 5/2010},
	Publisher = {top agrar, Landwirtschaftsverlag GmbH},
	Address ={Münster}
}

@online{gesetze4,
	ALTauthor = {Vereinigung der Norddeutschen Direktvermarkter e.V},
	title = {Definition: Landwirtschaftliche Direktvermarktung},
	date = {08.11.2010},
	url = {http://norddeutsche-direktvermarkter.de/fileadmin/Dokumente/PDF_Unterlagen/Def_DV.pdf},
	Year = {2010},
	Publisher = {Vereinigung der Norddeutschen Direktvermarkter e.V},
	note = {Eingesehen am 12.07.2021},
}

@online{gesetze5,
	ALTauthor = {Wortbedeutung Info},
	title = {Vertrauenskasse (Deutsch)},
	url = {https://www.wortbedeutung.info/Vertrauenskasse/},
	Publisher = {Wortbedeutung Info},
	note = {Eingesehen am 12.07.2021},
}

@online{gesetze6,
ALTauthor = {Hässel, Günter},
title = {Fachliche ERläuterungen zu Kasse: Vertauenskasse},
url = {https://www.verfahrensdokumentation.services/files/erlaeuterungen/kasse-vertrauenskasse.pdf},
Publisher = {Verfahrensdokumentation Services},
note = {Eingesehen am 12.07.2021},
}

@online{gesetze7,
	ALTauthor = {Landwirtschaftliches Wochenblatt},
	title = {Kassenführung im Hofladen},
	url = {https://www.lw-heute.de/kassenfuehrung-hofladen},
	Publisher = {Landwirtschaftliches Wochenblatt},
	note = {Eingesehen am 12.07.2021},
}

@online{FunktionaleAnforderungen,
	ALTauthor = {Deutsche Projekt Akademie},
	title = {Funktionale und Nicht-Funktionale Anforderungen},
	url = {https://deutsche-projekt-akademie.de/2020/03/pm-verstehen-funktionale-und-nicht-funktionale-anforderungen/},
	Publisher = {Deutsche Projekt Akademie},
	note = {Eingesehen am 14.07.2021},
}

@online{NichtFunktionaleAnforderungen,
	ALTauthor = {Seibert Media},
	title = {Qualität, funktionale und nichtfunktionale Anforderungen in der Software-Entwicklung},
	date = {15.05.2018},
	Year = {2018},
	url = {https://blog.seibert-media.net/blog/2018/05/14/qualitaet-funktionale-und-nichtfunktionale-anforderungen-in-der-software-entwicklung/},
	Publisher = {Seibert Media},
	note = {Eingesehen am 14.07.2021},
}

@online{DBREdun,
	ALTauthor = {Luber, Stefan},
	title = {Was ist Normalisierung?},
	date = {25.07.2019},
	Year = {2019},
	url = {https://www.bigdata-insider.de/was-ist-normalisierung-a-840412/},
	Publisher = {Vogel Communications Group},
	note = {Eingesehen am 26.07.2021},
}

@online{DB2,
	ALTauthor = {1&1 IONOS SE},
	title = {Weniger Redundanz dank Datenbank-Normalisierung},
	date = {18.07.18},
	Year = {2018},
	url = {https://www.ionos.de/digitalguide/hosting/hosting-technik/normalisierung-von-datenbanken/},
	Publisher = {1&1 IONOS SE},
	note = {Eingesehen am 26.07.2021},
}

@online{DB3,
	ALTauthor = {DB-Engines},
	title = {Vergleich der Systemeigenschaften MariaDB vs. MySQL vs. Oracle},
	url = {https://www.datenbanken-verstehen.de/datenmodellierung/normalisierung/dritte-normalform/},
	Publisher = {DB-Engines},
	note = {Eingesehen am 28.07.2021},
}

@online{DB4,
	ALTauthor = {Datenbanken verstehen},
	title = {Dritte Normalform (3NF)},
	url = {https://db-engines.com/de/system/MariaDB%3BMySQL%3BOracle},
	Publisher = {Datenbanken verstehen},
	note = {Eingesehen am 26.07.2021},
}

@online{DB5,
	ALTauthor = {Seidler, Kai},
	title = {XAMPP},
	date = {11.02.2021},
	Year = {2021},
	url = {https://www.heise.de/download/product/xampp-10929},
	Publisher = {heise},
	note = {Eingesehen am 29.07.2021},
}

@online{Server1,
	ALTauthor = {Petri, Björn;Petri Britta},
	title = {Was ist ein Paket},
	url = {https://www.java-tutorial.org/objektorientierung-pakete.html},
	Publisher = {Java-Tutorial.org},
	note = {Eingesehen am 14.09.2021},
}

@online{Server2,
	title = {Was ist ein Paket},
	url = {https://www.a-coding-project.de/ratgeber/java/klassen-und-objekte},
	Publisher = {A Coding Project},
	note = {Eingesehen am 15.09.2021},
}

@online{JPA,
	ALTauthor = {itWissen.info},
	title = {Java persistence API (JPA)},
	date = {04.04.2020},
	Year = {2020},
	url = {https://www.itwissen.info/JPA-Java-persistence-API.html},
	Publisher = {itWissen.info},
	note = {Eingesehen am 16.09.2021},
}
@online{mapping,
	ALTauthor = {itWissen.info},
	title = {Abbildung},
	date = {14.10.2017},
	Year = {2017},
	url = {https://www.itwissen.info/mapping-Abbildung.html},
	Publisher = {itWissen.info},
	note = {Eingesehen am 17.09.2021},
}
@online{spring,
	ALTauthor = {spring},
	title = {Core Technologies},
	date = {15.09.2021},
	Year = {2021},
	url = {https://docs.spring.io/spring-framework/docs/current/reference/html/core.html#beans-introduction},
	Publisher = {spring},
	note = {Eingesehen am 18.09.2021},
}
@online{Dependency,
	ALTauthor = {Koller, Dirk; Augsten, Stephan},
	title = {Dependency-Injektion in Spring Boot},
	date = {15.09.2021},
	Year = {2021},
	url = {https://www.dev-insider.de/dependency-injektion-in-spring-boot-a-1005234/},
	Publisher = {Dev-Insider},
	note = {Eingesehen am 18.09.2021},
}
@online{gui,
	ALTauthor = {Lena},
	title = {Erfolgreiche UI-Gestaltung - 5 Einsteiger-Tipps, die du bei erstellen einer Benutzeroberfläche beachten solltest.},
	date = {28.10.2020},
	Year = {2020},
	url = {https://softwarekontor.de/2020/10/28/ui-design-basics/},
	Publisher = {Softwarekonto},
	note = {Eingesehen am 01.10.2021},
}
@online{token,
	ALTauthor = {Klein, Manfred},
	title = {Was ist JWT?},
	date = {30.11.2020},
	Year = {2020},
	url = {https://www.egovernment-computing.de/was-ist-jwt-a-984685/},
	Publisher = {eGoverment},
	note = {Eingesehen am 01.10.2021},
}
@online{umfrage2,
	ALTauthor = {Pawlik, V},
	title = {Bevölkerung in Deutschland nach Einstellung zur Aussage "Ich kaufe nach Möglichkeit Produkte hier aus der Region" im Geschlechtervergleich im Jahr 2020},
	date = {09.03.2021},
	Year = {2021},
	url = {https://de.statista.com/statistik/daten/studie/826841/umfrage/umfrage-in-deutschland-zum-kauf-von-produkten-aus-der-region-im-geschlechtervergleich/},
	Publisher = {Statista},
	note = {Eingesehen am 05.10.2021},
}
@electronic{Insel,
	Author = {Ullenboom, Christian},
Language = {de},
Title = {Java ist auch eine Insel},
Year = {2017},
Edition ={12. Auflage},
Publisher = {Rheinwerk Verlag GmbH},
Address ={Bonn}
}
@electronic{Ang,
	Language = {de},
	Title = {Angualr Dokumentation},
	url = {https://angular.io},
	Year = {2021},
}
@online{direkt2,
	ALTauthor = {Böhm, Michael; Krämer, Christine},
	title = {Neue und innovative Formen der Direktvermarktung landwirtschaftlicher Produkte - Analyse und Erarbeitung von Handlungsempfehlungen },
	date = {30.01.2020},
	Year = {2020},
	url = {https://orgprints.org/id/eprint/37311/1/37311-15NA192-ecozept-boehm-2020-innodirekt.pdf},
	Publisher = {ECOZEPT GbR},
	note = {Eingesehen am 07.10.2021},
	Address ={Freising}
}
@online{Statuscodes,
	title = {HTTP/Statuscodes },
	date = {17.05.2021},
	Year = {2021},
	url = {https://wiki.selfhtml.org/wiki/HTTP/Statuscodes},
	Publisher = {selfhtml},
	note = {Eingesehen am 07.10.2021},
	Address ={Freising}
}
@online{db2222,
	title = {CRUD},
	ALTauthor = {Ingo, Biermann},
	date = {27.09.2019},
	Year = {2019},
	url = {https://mindsquare.de/knowhow/crud/},
	Publisher = {mindsquare},
	note = {Eingesehen am 07.10.2021},

}